@book{baeza1999modern,
  title={Modern information retrieval},
  author={Baeza-Yates, Ricardo and Ribeiro-Neto, Berthier and others},
  volume={463},
  year={1999},
  publisher={ACM press New York}
}

@misc{speech,
  title = {Speech and Language Processing (3rd ed. draft)},
  howpublished = {\url{https://web.stanford.edu/~jurafsky/slp3}},
  note = {Accessed: 2018-09-20}
}

@misc{ted,
  title = {TED Talks},
  howpublished = {\url{https://www.ted.com/}},
  note = {Accessed: 2018-09-20}
}

@misc{codigo,
  title = {Código desenvolvido no trabalho},
  howpublished = {\url{https://github.com/riquebueno/ topicosaprendizadomaquina/blob/master/Trabalho1TopicosAprendMaq-Copy1.ipynb}},
  note = {Accessed: 2018-09-20}
}

@misc{gensim,
  title = {Gensim - Biblioteca de Modelagem de Tópicos},
  howpublished = {\url{https://radimrehurek.com/gensim/}},
  note = {Accessed: 2018-11-12}
}

@misc{pandas,
  title = {Pandas - Biblioteca de Análise de Dados em Python},
  howpublished = {\url{https://pandas.pydata.org/}},
  note = {Accessed: 2018-11-12}
}

@misc{scikit,
  title = {Scikit-Learn - Biblioteca de Machine Learning em Python},
  howpublished = {\url{https://scikit-learn.org}},
  note = {Accessed: 2018-11-12}
}

@misc{datasetTED,
  title = {TED Talks - Data about TED Talks on the TED.com website until September 21st, 2017},
  howpublished = {\url{https://www.kaggle.com/rounakbanik/ted-talks}},
  note = {Accessed: 2018-11-12}
}

@article{mikolov2013efficient,
  title={Efficient estimation of word representations in vector space},
  author={Mikolov, Tomas and Chen, Kai and Corrado, Greg and Dean, Jeffrey},
  journal={arXiv preprint arXiv:1301.3781},
  year={2013}
}

@inproceedings{pennington2014glove,
  title={Glove: Global vectors for word representation},
  author={Pennington, Jeffrey and Socher, Richard and Manning, Christopher},
  booktitle={Proceedings of the 2014 conference on empirical methods in natural language processing (EMNLP)},
  pages={1532--1543},
  year={2014}
}

@article{bojanowski2016enriching,
  title={Enriching word vectors with subword information},
  author={Bojanowski, Piotr and Grave, Edouard and Joulin, Armand and Mikolov, Tomas},
  journal={arXiv preprint arXiv:1607.04606},
  year={2016}
}

@inproceedings{baroni2014don,
  title={Don't count, predict! A systematic comparison of context-counting vs. context-predicting semantic vectors},
  author={Baroni, Marco and Dinu, Georgiana and Kruszewski, Germ{\'a}n},
  booktitle={Proceedings of the 52nd Annual Meeting of the Association for Computational Linguistics (Volume 1: Long Papers)},
  volume={1},
  pages={238--247},
  year={2014}
}

@inproceedings{li2016topic,
  title={Topic modeling for short texts with auxiliary word embeddings},
  author={Li, Chenliang and Wang, Haoran and Zhang, Zhiqian and Sun, Aixin and Ma, Zongyang},
  booktitle={Proceedings of the 39th International ACM SIGIR conference on Research and Development in Information Retrieval},
  pages={165--174},
  year={2016},
  organization={ACM}
}